<record><leader>00000cas a22000007a 4500</leader><controlfield tag="001">11630949</controlfield><controlfield tag="008">850129d18861889caudr ne      0    0eng d</controlfield><datafield ind1=" " ind2=" " tag="010"><subfield code="a">sn 85040045 </subfield></datafield><datafield ind1=" " ind2=" " tag="040"><subfield code="a">NPV</subfield><subfield code="b">eng</subfield><subfield code="c">NPV</subfield><subfield code="d">CNK</subfield><subfield code="d">OCLCQ</subfield></datafield><datafield ind1=" " ind2=" " tag="042"><subfield code="a">msc</subfield></datafield><datafield ind1="0" ind2=" " tag="130"><subfield code="a">Pasadena daily evening star (Pasadena, Calif. : 1886)</subfield></datafield><datafield ind1="1" ind2="0" tag="245"><subfield code="a">Pasadena daily evening star.</subfield></datafield><datafield ind1="1" ind2="7" tag="246"><subfield code="a">Pasadena daily star</subfield></datafield><datafield ind1=" " ind2=" " tag="260"><subfield code="a">Pasadena, Los Angeles County, Calif. :</subfield><subfield code="b">Star Pub.</subfield></datafield><datafield ind1=" " ind2=" " tag="300"><subfield code="a">v. :</subfield><subfield code="b">ill.</subfield></datafield><datafield ind1=" " ind2=" " tag="310"><subfield code="a">Daily</subfield></datafield><datafield ind1="1" ind2=" " tag="362"><subfield code="a">Began with Apr. 21, 1886 issue; ceased with Sept. 1, 1889 issue.</subfield><subfield code="z">Cf. Gregory, W. Amer. newspapers.</subfield></datafield><datafield ind1=" " ind2=" " tag="500"><subfield code="a">"Republican."</subfield></datafield><datafield ind1=" " ind2=" " tag="588"><subfield code="a">Description based on: Vol. 9, no. 29 (Mar. 21, 1889).</subfield></datafield><datafield ind1=" " ind2=" " tag="752"><subfield code="a">United States</subfield><subfield code="b">California</subfield><subfield code="c">Los Angeles</subfield><subfield code="d">Pasadena.</subfield></datafield><datafield ind1="0" ind2=" " tag="775"><subfield code="t">Pasadena star</subfield><subfield code="w">(DLC)sn 93052210</subfield></datafield><datafield ind1="1" ind2="7" tag="785"><subfield code="t">Pasadena daily union</subfield><subfield code="w">(DLC)sn 85040048</subfield></datafield><datafield ind1="1" ind2="7" tag="785"><subfield code="t">Pasadena daily evening star and daily union</subfield><subfield code="w">(DLC)sn 85040046</subfield></datafield></record>